@article{Lu2010,
author = {L\"{u}, Zhipeng and Hao, Jin-Kao},
doi = {10.1016/j.ejor.2009.07.016},
file = {::},
issn = {03772217},
journal = {European Journal of Operational Research},
keywords = {partition coloring},
mendeley-tags = {partition coloring},
month = may,
number = {1},
pages = {241--250},
publisher = {Elsevier B.V.},
title = {{A memetic algorithm for graph coloring}},
url = {http://linkinghub.elsevier.com/retrieve/pii/S0377221709005177},
volume = {203},
year = {2010}
}
@phdthesis{Palladino2011,
author = {Palladino, Santiago Miguel},
file = {::},
keywords = {partition coloring},
mendeley-tags = {partition coloring},
school = {Universidad de Buenos Aires},
title = {{Tesis de Licenciatura Algoritmo de Branch and Cut para el Problema de Coloreo Particionado Directoras}},
year = {2011}
}
@article{Noronha2006,
author = {Noronha, Thiago F. and Ribeiro, Celso C.},
doi = {10.1016/j.ejor.2004.09.007},
file = {:home/guenther/Documents/Mendeley Desktop/Noronha, Ribeiro/2006 - Noronha, Ribeiro - Routing and wavelength assignment by partition colouring.pdf:pdf},
issn = {03772217},
journal = {European Journal of Operational Research},
keywords = {heuristics,optical networks,partition coloring,partition colouring,routing,tabu search,wavelength assignment,wdm},
mendeley-tags = {partition coloring},
month = jun,
number = {3},
pages = {797--810},
title = {{Routing and wavelength assignment by partition colouring}},
url = {http://linkinghub.elsevier.com/retrieve/pii/S0377221704005867},
volume = {171},
year = {2006}
}
@inproceedings{Li2000,
author = {Li, Guangzhi and Simha, Rahul and Williamsburg, Mary},
booktitle = {Proceedings of the First Workshop on Optical Networks},
file = {:home/guenther/Documents/Mendeley Desktop/Li, Simha, Williamsburg/2000 - Li, Simha, Williamsburg - The Partition Coloring Problem and its Application to Wavelength.pdf:pdf},
keywords = {graph coloring,optical networks,partition coloring,routing,wavelength assignment},
mendeley-tags = {partition coloring},
title = {{The Partition Coloring Problem and its Application to Wavelength}},
year = {2000}
}
@article{Frota2010,
author = {Frota, Yuri and Maculan, Nelson and Noronha, Thiago F. and Ribeiro, Celso C.},
doi = {10.1002/net.20365},
file = {:home/guenther/Documents/Mendeley Desktop/Frota et al/2010 - Frota et al. - A branch-and-cut algorithm for partition coloring.pdf:pdf},
issn = {00283045},
journal = {Networks},
keywords = {partition coloring},
mendeley-tags = {partition coloring},
number = {3},
pages = {194--204},
title = {{A branch-and-cut algorithm for partition coloring}},
url = {http://doi.wiley.com/10.1002/net.20365},
volume = {55},
year = {2010}
}
@inproceedings{Demange,
author = {Demange, Marc and Monnot, Jerome and Pop, Petrica and Ries, Bernard},
booktitle = {ISCO 2012 -- International Symposium on Combinatorial Optimization},
file = {::},
keywords = {partition coloring},
mendeley-tags = {partition coloring},
title = {{Selective Graph Coloring in Some Special Classes of Graphs}},
year = {2012}
}
@online{pcpinstancepage,
author = {Frota, Y., Maculan, N., Noronha T.F., Ribeiro, C.C.},
title = {Instances for the partition Coloring Problem},
url = {www.ic.uff.br/~celso/grupo/pcp.htm}
}
@article{Chen,
title = "A hybrid approach based on the variable neighborhood search and particle swarm optimization for parallel machine scheduling problemsâ€”A case study for solar cell industry",
journal = "International Journal of Production Economics",
volume = "141",
number = "1",
pages = "66 - 78",
year = "2013",
note = "Meta-heuristics for manufacturing scheduling and logistics problems",
issn = "0925-5273",
doi = "10.1016/j.ijpe.2012.06.013",
url = "http://www.sciencedirect.com/science/article/pii/S0925527312002411",
author = "Yin-Yann Chen and Chen-Yang Cheng and Li-Chih Wang and Tzu-Li Chen",
keywords = "Hybrid flow shop scheduling",
keywords = "Particle swarm optimization",
keywords = "Solar cell industry"
}


